@misc{Belgium.be2018,
author = {Belgium.be},
mendeley-groups = {Circular economy},
title = {{The circular economy | Belgium.be}},
url = {https://www.belgium.be/en/economy/sustainable{\_}development/sustainable{\_}economy/innovative{\_}economic{\_}models/circular{\_}economy},
urldate = {2018-06-07},
year = {2018}
}


@book{osterwalder2010business,
  title={Business model generation: a handbook for visionaries, game changers, and challengers},
  author={Osterwalder, Alexander and Pigneur, Yves},
  year={2010},
  publisher={John Wiley \& Sons}
}

@article{JOYCE20161474,
title = "The triple layered business model canvas: A tool to design more sustainable business models",
journal = "Journal of Cleaner Production",
volume = "135",
pages = "1474 - 1486",
year = "2016",
issn = "0959-6526",
doi = "https://doi.org/10.1016/j.jclepro.2016.06.067",
url = "http://www.sciencedirect.com/science/article/pii/S0959652616307442",
author = "Alexandre Joyce and Raymond L. Paquin",
keywords = "Business model innovation, Sustainable business models, Business models for sustainability, Triple layered business model canvas, Triple bottom line"
}

@book{Lacy2015,
author = {Lacy, Peter and Rutqvist, Jakob},
doi = {10.1057/9781137530707 ISBN},
edition = {1},
isbn = {9781137530707},
mendeley-groups = {Circular economy},
pages = {264},
publisher = {Palgrave Macmillan},
title = {{Waste to Wealth: The Circular Economy and Economic Advantage}},
url = {https://books.google.es/books?id=WGKkCgAAQBAJ{\&}printsec=frontcover{\&}dq=circular+economy{\&}hl=ca{\&}sa=X{\&}ved=0ahUKEwiawOmC{\_}eXWAhWDxRQKHWE2CGgQ6AEIQDAD{\#}v=onepage{\&}q=circular economy{\&}f=false},
year = {2015}
}

@Book{Elkington1998,
  title         = {Cannibals with Forks: The Triple Bottom Line of 21st Century Business},
  publisher     = {New Society Publishers},
  year          = {1998},
  author        = {Elkington, J.},
  series        = {Conscientious commerce},
  isbn          = {9780865713925},
  lccn          = {98038438},
  url           = {https://books.google.be/books?id=SRNPAAAAMAAJ},
}

@book{book:815976,
author = {{Rachel Botsman}, Roo Rogers},
isbn = {0061963542, 9780061963544, 0007395914, 9780007395910},
mendeley-groups = {Circular economy},
publisher = {HarperBusiness},
title = {{What's mine is yours: The rise of collaborative consumption}},
url = {http://gen.lib.rus.ec/book/index.php?md5=F95ADCE3598ECF3C10B321F180241DA2},
year = {2010}
}

@misc{Botsman2015,
author = {Botsman, Rachel},
booktitle = {FastCompany},
mendeley-groups = {Circular economy},
title = {{Defining The Sharing Economy: What Is Collaborative Consumptionâ€“And What isn't}},
url = {https://www.fastcompany.com/3046119/defining-the-sharing-economy-what-is-collaborative-consumption-and-what-isnt},
urldate = {2018-06-14},
year = {2015}
}

@techreport{Menkveld2018,
author = {Menkveld, Nadia and {Rolvink Couzy}, Franka},
file = {:C$\backslash$:/Users/raisa.carmen/Box Sync/ce/ABN-AMRO-CIty-as-a-service-rapport.pdf:pdf},
institution = {ABN AMRO},
pages = {56},
title = {{City-as-a-service}},
year = {2018}
}


